@article{articlealbert62,
  author =	 {Albert, A.},
  journal =	 {Annals of Mathematical Statistics},
  pages =	 {727-753},
  title =	 {Estimating the infinitesimal generator of a
                  continuous time, finite state {M}arkov process},
  volume =	 {38},
  year =	 {1962}
}

@article{articleanisimov77,
  author =	 {Anisimov, V.V.},
  journal =	 {Cybernetics},
  number =	 {4},
  pages =	 {590-595},
  title =	 {Switching processes},
  volume =	 {13},
  year =	 {1977}
}

